@book{horstmann,
  author    = {Cay S. Horstmann},
  title     = {Core Java Volume I -- Fundamentals},
  publisher = {Pearson Education},
  edition   = {12th},
  year      = {2022}
}

@book{schildt,
  author    = {Herbert Schildt},
  title     = {Java: The Complete Reference},
  publisher = {McGraw-Hill Education},
  edition   = {12th},
  year      = {2021}
}

@book{obe,
  author    = {Regina O. Obe and Leo S. Hsu},
  title     = {PostgreSQL: Up and Running},
  publisher = {O'Reilly Media},
  edition   = {3rd},
  year      = {2017}
}

@book{robinson,
  author    = {Matthew Robinson and Pavel Vorobiev},
  title     = {Swing},
  publisher = {Apress},
  edition   = {2nd},
  year      = {2003}
}
